@BOOK
    {KandR,
     AUTHOR  = "Kernighan, Brian W. and Ritchie, Dennis M.",
     TITLE   = "{The C Programming Language Second Edition}",
     PUBLISHER = "Prentice-Hall, Inc.",
     YEAR = 1988
}
@ONLINE
{CUEDCplusplus,
     AUTHOR  = "Love, T.P.",
     TITLE   = "{CUED C++}",
     URL = "http://www-h.eng.cam.ac.uk/help/tpl/languages/C++.html",
     URLYEAR = 2010,
     PRESORT="aa"
}
