Automatically generated by Mendeley Desktop 1.15.3
Any changes to this file will be lost if it is regenerated by Mendeley.

BibTeX export options can be customized via Options -> BibTeX in Mendeley Desktop

@inproceedings{Zhenfang2012,
annote = {Not very useful for dissertation topic, but has some interesting super-elasticity details (not sure if necessary for my project)

P1. super elasticity definition, read reference 11, -ve of super elasticity correction

P2. force equations, -ve of runge-katta, Taylor expansion equations

P2-3. super elasticity resolution

P3. improved super elasticity resolution},
author = {Zhenfang, Cao and Bing, He},
booktitle = {National Conference on Information Technology and Computer Science},
file = {:C$\backslash$:/Users/Chris/AppData/Local/Mendeley Ltd./Mendeley Desktop/Downloaded/Zhenfang, Bing - 2012 - Research of Fast Cloth Simulation Based on Mass- Spring Model(2).pdf:pdf},
keywords = {-Cloth Simulation,Mass-Spring,Super-Elasticity},
pages = {323--327},
title = {{Research of Fast Cloth Simulation Based on Mass- Spring Model}},
year = {2012}
}
@article{Bender2013,
annote = {Not directly relevant, but introduces a different way of modelling cloth. May be useful for lit review?

P1. -ve of explicit {\&}amp; implicit, stiffness concerns

P2. -ve of explicit, read reference 6, constraint details, +ve of shape mapping},
author = {Bender, Jan and Weber, Daniel and Diziol, Raphael},
file = {:C$\backslash$:/Users/Chris/AppData/Local/Mendeley Ltd./Mendeley Desktop/Downloaded/Bender, Weber, Diziol - 2013 - Fast and stable cloth simulation based on multi-resolution shape matching(2).pdf:pdf},
journal = {Computers and Graphics (Pergamon)},
keywords = {Cloth simulation,GPU-based simulation,Multi-resolution model,Shape matching},
title = {{Fast and stable cloth simulation based on multi-resolution shape matching}},
year = {2013}
}
@misc{Kim2011,
annote = {proof that commercial engines using PBD, no mention of cloth model though

P9. + of PBD

P10. - of explicit Euler

P11-12. PDB overview},
author = {Kim, Tae-Yong},
file = {:C$\backslash$:/Users/Chris/AppData/Local/Mendeley Ltd./Mendeley Desktop/Downloaded/Kim - 2011 - Character Clothing in PhysX-3(2).pdf:pdf},
title = {{Character Clothing in PhysX-3}},
year = {2011}
}
@article{Selle2009,
annote = {not useful; focus is on high realism rather than interactivity

P1. different goals for different cloth uses, problems with cloth, -ve of integrators},
author = {Selle, Andrew and Su, Jonathan and Irving, Geoffrey and Fedkiw, Ronald},
file = {:C$\backslash$:/Users/Chris/AppData/Local/Mendeley Ltd./Mendeley Desktop/Downloaded/Selle et al. - 2009 - Robust High-Resolution Cloth Using Parallelism, History-Based Collisions and Accurate Friction(2).pdf:pdf},
journal = {IEEE Transactions on Visualization and Computer Graphics},
number = {15},
pages = {339--350},
title = {{Robust High-Resolution Cloth Using Parallelism, History-Based Collisions and Accurate Friction}},
year = {2009}
}
@article{Plath2000,
annote = {not directly useful, cellular automata approach. Cost too high?

P1. cost of some models, Feynman model

P2. - of energy based},
author = {Plath, Jan},
file = {:C$\backslash$:/Users/Chris/AppData/Local/Mendeley Ltd./Mendeley Desktop/Downloaded/Plath - 2000 - Realistic modelling of textiles using interacting particle systems(2).pdf:pdf},
journal = {Computers {\&} Graphics},
number = {24},
pages = {897--905},
title = {{Realistic modelling of textiles using interacting particle systems}},
year = {2000}
}
@inproceedings{Baraff1998,
annote = {Lot's of detail, key paper in the field, suggests implicit integration (may be only be useful for triangular mesh), useful for films/animation, may not be so for games

P1. physical model overview, -ve of explicit, +ve of implicit

P2. constraint solving, implicit timestep, cost results, cost of continuum, -ve of Breen et al.

P3. internal force types {\&}amp; values, force equation, generic force equation (relevant for triangular meshes only?), implicit integrator info

P3-4. explicit {\&}amp; implicit Euler

P5. need for dampening

P6-7. constraint handling

P9. step size

P9-10. performance results},
author = {Baraff, David and Witkin, Andrew},
booktitle = {SIGGRAPH},
file = {:C$\backslash$:/Users/Chris/AppData/Local/Mendeley Ltd./Mendeley Desktop/Downloaded/Baraff, Witkin - 1998 - Large Steps in Cloth Simulation(2).pdf:pdf},
pages = {43--54},
title = {{Large Steps in Cloth Simulation}},
year = {1998}
}
@inproceedings{Choi2002,
annote = {Focus on modelling buckling and folds

P1. different technique similarities, timestep issues, focus on buckling and folds, -ve of implicit

P2. -ve of implicit, energy based technique (?), why continuum not good, mesh size info., baraff {\&}amp; witkin info., + of physical models

P3. connection types, force equations

P4. cloth buckling definition

P5. damping {\&}amp; need

P6. semi implicit integrator

P6-7. performance results},
author = {Choi, Kwang-Jin and Ko, Hyeong-Seok},
booktitle = {SIGGRAPH},
file = {:C$\backslash$:/Users/Chris/AppData/Local/Mendeley Ltd./Mendeley Desktop/Downloaded/Choi, Ko - 2002 - Stable but Responsive Cloth(2).pdf:pdf},
pages = {604--611},
title = {{Stable but Responsive Cloth}},
year = {2002}
}
@inproceedings{Zink2007,
address = {New York},
annote = {uses mass spring system with geometry images

P1. different usecases, simulation costs

P2. geometry images, + of mass-spring

P3. +/- explicit {\&}amp; implicit

P5. - of mass-spring},
author = {Zink, Nico and Hardy, Alexandre},
booktitle = {AFRIGRAPH},
file = {:C$\backslash$:/Users/Chris/AppData/Local/Mendeley Ltd./Mendeley Desktop/Downloaded/Zink, Hardy - 2007 - Cloth Simulation and Collision Detection using Geometry Images(2).pdf:pdf},
pages = {187--195},
publisher = {ACM},
title = {{Cloth Simulation and Collision Detection using Geometry Images}},
year = {2007}
}
@inproceedings{Kang2000,
address = {Geneva},
annote = {useful equations, detailed implicit info.

P1. cloth simulation definition, physical model definition, - of implicit

P2. mass-spring definition, - of explicit/implicit, euler equation, spring equation

P2-3. implicit equations

P3. -ve of implicit

P4. enhanced implicit integrator},
author = {Kang, Young-Min and Choi, Jeong-Hyeon and Cho, Hwan-Gue},
booktitle = {Computer Graphics International},
file = {:C$\backslash$:/Users/Chris/AppData/Local/Mendeley Ltd./Mendeley Desktop/Downloaded/Kang, Choi, Cho - 2000 - Fast and Stable Animation of Cloth with an Approximated Implicit Method(2).pdf:pdf},
title = {{Fast and Stable Animation of Cloth with an Approximated Implicit Method}},
year = {2000}
}
@inproceedings{Wacker2005a,
annote = {Lots of in depth detail into formal derivations.
May be a bit dense and unnecessary

P1. +ve of physical models, different aims for different areas

P2. formal definition of forces {\&}amp; ODEs, Hooke {\&}amp; dampening laws, different spring coefficients

P3. info. on spring correction pass, +ve of mass-spring

P4. energy based models

P4-5. continuum based models, -ve of discrete modelling, cost of continuum

P6. cloth properties defined

P9. formal hooke derivation

P10. formal explicit Euler {\&}amp; midpoint derivations

P11. Diagrams showing integrator efficiency {\&}amp; accuracy

P12. explicit Euler time step derivation, implicit Euler derivation {\&}amp; time step derivation

P13-14. Verlet/leapfrog derivation

P14. explicit vs implicit efficiency diagrams

P15. +ve/-ve of implicit

P17. references to follow},
author = {Wacker, Markus and Thomaszewski, Bernhard and Keckeisen, Michael},
booktitle = {Eurographics},
file = {:C$\backslash$:/Users/Chris/AppData/Local/Mendeley Ltd./Mendeley Desktop/Downloaded/Wacker, Thomaszewski, Keckeisen - 2005 - Physical Models, Numerical Solvers for Cloth Animation and Virtual Cloth Design(2).pdf:pdf},
title = {{Physical Models, Numerical Solvers for Cloth Animation and Virtual Cloth Design}},
year = {2005}
}
@inproceedings{Volino1995,
annote = {Not useful},
author = {Volino, Pascal and Courchesne, Martin and Magnenat-Thalmann, Nadia},
booktitle = {SIGGRAPH},
file = {:C$\backslash$:/Users/Chris/AppData/Local/Mendeley Ltd./Mendeley Desktop/Downloaded/Volino, Courchesne, Magnenat-Thalmann - 1995 - Versatile and Efficient Techniques for Simulating Cloth and Other Deformable Objects(2).pdf:pdf},
pages = {137--144},
title = {{Versatile and Efficient Techniques for Simulating Cloth and Other Deformable Objects}},
year = {1995}
}
@article{Volino2005,
annote = {focus on accurate modelling of patterns etc.

P1. real time considerations

P2. how to extract cloth parameters

P3. explicit {\&}amp; implicit integration

P4. -ve of implicit},
author = {Volino, Pascal and Cordier, Frederic and Magnenat-Thalmann, Nadia},
file = {:C$\backslash$:/Users/Chris/AppData/Local/Mendeley Ltd./Mendeley Desktop/Downloaded/Volino, Cordier, Magnenat-Thalmann - 2005 - From early virtual garment simulation to interactive fashion design(2).pdf:pdf},
journal = {Computer-Aided Design},
keywords = {Cloth simulation,Fashion design,Pattern prototyping,Virtual garments},
month = {may},
number = {6},
pages = {593--608},
title = {{From early virtual garment simulation to interactive fashion design}},
volume = {37},
year = {2005}
}
@article{SantosSouza2014,
annote = {Not directly useful, focus is entirely on tearing and not on modelling

P1. read reference 2 (?)},
author = {{Santos Souza}, Marco and Wangenheim, Aldo Von and Comunello, Eros},
file = {:C$\backslash$:/Users/Chris/AppData/Local/Mendeley Ltd./Mendeley Desktop/Downloaded/Santos Souza, Wangenheim, Comunello - 2014 - Fast Simulation of Cloth Tearing.pdf:pdf},
journal = {SBC Journal on Interactive Systems},
keywords = {Half-Edge Data Structure,Interactive Animation,Physics-Based Animation,Tearing Simulation,â€”Cloth Simulation},
number = {1},
pages = {44--48},
title = {{Fast Simulation of Cloth Tearing}},
volume = {5},
year = {2014}
}
@phdthesis{Boxerman2003,
annote = {maths heavy, some useful info

P5. contribution of Breen et al.

P8. different cloth resistances

P25. need for integrators with mass-spring, formal ODE series definition

P36. implicit Euler definition},
author = {Boxerman, Eddy},
file = {:C$\backslash$:/Users/Chris/AppData/Local/Mendeley Ltd./Mendeley Desktop/Downloaded/Boxerman - 2003 - Speeding Up Cloth Simulation(2).pdf:pdf},
school = {The University of British Columbia},
title = {{Speeding Up Cloth Simulation}},
year = {2003}
}
@article{Schmitt2013,
annote = {Not directly relevant, no real discussion on mass-spring models

P2. read references HES03 {\&}amp; ZH07, -ve of explicit, need for GPU based approaches

P3. -ve of constraint solvers

P6. constraint solvers},
author = {Schmitt, N and Knuth, M and Bender, J and Kuijper, A},
file = {:C$\backslash$:/Users/Chris/AppData/Local/Mendeley Ltd./Mendeley Desktop/Downloaded/Schmitt et al. - 2013 - Multilevel Cloth Simulation using GPU Surface Sampling(2).pdf:pdf},
journal = {Workshop on Virtual Reality Interaction and Physical Simulation VRIPHYS},
keywords = {I37 [Computer Graphics],Three-Dimensional Graphics and Realismâ€”Animation},
title = {{Multilevel Cloth Simulation using GPU Surface Sampling}},
year = {2013}
}
@inproceedings{Bridson2002,
annote = {Not useful, focus is on collisions

P1. collisions big issue},
author = {Bridson, Robert and Fedkiw, Ronald and Anderson, John},
booktitle = {SIGGRAPH},
file = {:C$\backslash$:/Users/Chris/AppData/Local/Mendeley Ltd./Mendeley Desktop/Downloaded/Bridson, Fedkiw, Anderson - 2002 - Robust Treatment of Collisions, Contact and Friction for Cloth Animation(2).pdf:pdf},
pages = {594--603},
title = {{Robust Treatment of Collisions, Contact and Friction for Cloth Animation}},
year = {2002}
}
@inproceedings{Zeller2005,
annote = {GPU based approach, shows performance still a concern (?)

P4. cloth model

P5. verlet integration

P6-7. spring constraints

P8. algorithm

P10-13. GPU simulation

P17. performnace},
author = {Zeller, Cyril},
booktitle = {SIGGRAPH},
file = {:C$\backslash$:/Users/Chris/AppData/Local/Mendeley Ltd./Mendeley Desktop/Downloaded/Zeller - 2005 - Cloth Simulation On The GPU(2).pdf:pdf},
keywords = {Cloth Simulation GPU},
title = {{Cloth Simulation On The GPU}},
year = {2005}
}
@article{Ng1996,
annote = {Useful summary of all available techniques (at time of writing)

P1-4. geometric techniques

P1. how flex objects can now be modelled, simulating based on mech. properties too expensive, +ve of physics for games i.e. can be less accurate, +/- of geometric

P2. +/- of Weil

P4-9. Physical techniques

P4. +/- of enery and force based

P6. sakaguchi et al. (follow reference) force definitions

P7-8. technique costs

P9. Provot equations {\&}amp; cost (1 minute for 1 second)

P9-11. hybrid techniques

P10. Kunii et al. +/- of physical {\&}amp; geometric

P12. table of +/- different techniques

P11-12. conclusion +/- of physical {\&}amp; geometric},
author = {Ng, Hing N. and Grimsdale, Richard L.},
file = {:C$\backslash$:/Users/Chris/AppData/Local/Mendeley Ltd./Mendeley Desktop/Downloaded/Ng, Grimsdale - 1996 - Computer Graphics Techniques for Modeling Cloth.pdf:pdf},
journal = {IEEE Computer Graphics {\&} Applications},
pages = {28--42},
title = {{Computer Graphics Techniques for Modeling Cloth}},
volume = {16},
year = {1996}
}
@misc{Enqvist2010,
annote = {good example of how to do cloth for games

P2
Para 1-2. cloth model

Para 6. verlet integration

para 8-12. constraint relaxation

Para 10-14. -ve of verlet {\&}amp; constraints},
author = {Enqvist, Henrik},
keywords = {3D Studio Max textures,3D animation,3D modeling,3D technology,CMP Game Media Group,Computer Game Developers Conference,Dreamcast development,Gamasutra Exchange,Game Developer magazine,Game Developers Conference,Independent Game Developers Conference,Nintendo development,PC game,PS2,Playstation 2,Playstation development,Xbox game,arcade development,artificial intelligence,digital assets,digital entertainment,free 3D models,free shaders,free textures,game animation,game audio,game business,game design,game developer,game development,game development software,game directory,game industry research,game jobs,game news,game producer,game programmer,game programming,game technology,new game,online game development,videogame,virtual reality},
title = {{The Secrets Of Cloth Simulation In Alan Wake}},
url = {http://www.gamasutra.com/view/feature/132771/the{\_}secrets{\_}of{\_}cloth{\_}simulation{\_}in{\_}.php?page=1},
urldate = {2016-03-03},
year = {2010}
}
@book{Magnenat-Thalmann2006,
address = {Chichester},
annote = {Very dense, not super useful

P227. +/- of continuum

P234. 2nd order ODEs

P235. explicit integrator comparison

P237. - if implicit},
author = {Magnenat-Thalmann, Nadia and Thalmann, D.},
booktitle = {Handbook of Virtual Humans},
edition = {1st},
file = {:C$\backslash$:/Users/Chris/AppData/Local/Mendeley Ltd./Mendeley Desktop/Downloaded/Magnenat-Thalmann, Thalmann - 2004 - Handbook of Virtual Humans.pdf:pdf},
publisher = {Wiley},
title = {{Handbook of Virtual Humans}},
year = {2004}
}
@article{Choi2005,
annote = {Dated, but some useful info

P2. different goals of different cloth communities

P3. read reference 24

P3-4. +ve of continuum

P4. -ve of continuum, efficiency concerns},
author = {Choi, Kwang Jin and Ko, Hyeong Seok},
file = {:C$\backslash$:/Users/Chris/AppData/Local/Mendeley Ltd./Mendeley Desktop/Downloaded/Choi, Ko - 2005 - Research problems in clothing simulation(2).pdf:pdf},
journal = {Computer Aided Design},
keywords = {Cloth simulation,Collision resolution,Garment design},
pages = {585--592},
title = {{Research problems in clothing simulation}},
volume = {37},
year = {2005}
}
@misc{Bartels2014,
abstract = {In this report, some of the major techniques for Cloth Simulation will be outlined. This includes a mass-spring model, relevant integration methods and collision handling algorithms. Some recent techniques for realistically tearing cloth will also be discussed. The presented techniques will be used in the author's project for Animation Software Engineering.},
annote = {Good simple summary

P2. force definitions

P3. read references, spring forces, -ve of springs {\&}amp; alternate approach

P4. need for integrators, explicit Euler

P5. -ve of explicit, implicit Euler, Taylor expansion

P6. -ve of implicit, need for constraints},
author = {Bartels, Pieterjan},
file = {:C$\backslash$:/Users/Chris/AppData/Local/Mendeley Ltd./Mendeley Desktop/Downloaded/Bartels - 2014 - Simulation of Tearable Cloth(2).pdf:pdf},
keywords = {Cloth,Collision detection,Collision response i,Garments},
title = {{Simulation of Tearable Cloth}},
url = {https://nccastaff.bournemouth.ac.uk/jmacey/CGITech/reports2015/PBartels{\_}PieterjanBartels{\_}CGITECH{\_}final.pdf},
urldate = {2016-03-10},
year = {2014}
}
@misc{NVidia2007,
annote = {GPU accelerated approach

P2. cost vs realism

P3. spring constraints, model information

P4. GPU algorithm outline

P4-7. GPU algorithm details},
author = {NVidia},
file = {:C$\backslash$:/Users/Chris/AppData/Local/Mendeley Ltd./Mendeley Desktop/Downloaded/NVidia - 2007 - Cloth Simulation(2).pdf:pdf},
title = {{Cloth Simulation}},
url = {http://developer.download.nvidia.com/SDK/10/direct3d/Source/Cloth/doc/Cloth.pdf},
urldate = {2016-05-25},
year = {2007}
}
@inproceedings{Wang2009a,
annote = {Good paper, more modern performance analysis

P1. different fields of cloth simulation, mass-spring justification, different force resistances

P2. external forces, ODEs, integrator choice

P3. explicit Euler, midpoint, runge-katta 4

P3-4. adapative runge-katta

P4. performance results (no reference to hardware used)},
author = {Wang, Jianchun and Hu, Xinrong and Zhuang, Yi},
booktitle = {International Conference on Wireless Networks and Information Systems, WNIS 2009},
file = {:C$\backslash$:/Users/Chris/AppData/Local/Mendeley Ltd./Mendeley Desktop/Downloaded/Wang, Hu, Zhuang - 2009 - The dynamic cloth simulation performance analysis based on the improved spring-mass model(2).pdf:pdf},
keywords = {Adaptive Rung-Kutta algorithm,Computer assisted tomography technology,Data-driven strategy,Spring-mass model},
pages = {282 -- 285},
title = {{The dynamic cloth simulation performance analysis based on the improved spring-mass model}},
year = {2009}
}
@article{Harada2006,
annote = {Very short, not good, no details, maybe a useful approach for dealing with explicit instability

P1. Handling explicit integrator instability},
author = {Harada, Takahiro},
file = {:C$\backslash$:/Users/Chris/AppData/Local/Mendeley Ltd./Mendeley Desktop/Downloaded/Harada - 2006 - Real-time Cloth Simulation Interacting with Deforming High-Resolution Models(2).pdf:pdf},
journal = {SIGGRAPH},
title = {{Real-time Cloth Simulation Interacting with Deforming High-Resolution Models}},
year = {2006}
}
@inproceedings{Volino2001,
annote = {Excellent, follow references

P1. + of particle models (follow references), considerations for choosing integrator

P2. different integrator types, number of calcs for different integrators

P3. performance considerations, computation time data

P4. integrator stability graph, runge-katta vs midpoint, -ve of implicit Euler

P4-5. -ve of explicit

P5. -ve of implicit, cost of increasing mesh size, stability graph

P6. implicit vs explicit

P8-9. +/- of implicit {\&}amp; explicit},
author = {Volino, Pascal and Magnenat-Thalmann, Nadia},
booktitle = {Conference on Computer Graphics International},
file = {:C$\backslash$:/Users/Chris/AppData/Local/Mendeley Ltd./Mendeley Desktop/Downloaded/Volino, Magnenat-Thalmann - 2001 - Comparing Efficiency of Integration Methods(2).pdf:pdf},
title = {{Comparing Efficiency of Integration Methods}},
year = {2001}
}
@inproceedings{Wang2004,
annote = {not super useful, maths is very dense and not relevant to project focus

P1. different uses

P2. + of triangular meshes},
author = {Wang, Xiuzhong and Devarajan, Venkat},
booktitle = {SIGGRAPH},
file = {:C$\backslash$:/Users/Chris/AppData/Local/Mendeley Ltd./Mendeley Desktop/Downloaded/Wang, Devarajan - 2004 - 2D Structured Mass-spring System Parameter Optimization based on Axisymmetric Bending for Rigid Cloth Simula(2).pdf:pdf},
pages = {317--323},
title = {{2D Structured Mass-spring System Parameter Optimization based on Axisymmetric Bending for Rigid Cloth Simulation}},
year = {2004}
}
@article{Tang2013,
annote = {GPU accelerated approach. Compared with a CPU implementation using an I7; useful to show performance considerations still relevant

P1. speedup results

P2. GPU algorithm overvview

P3. Kernel info.

P3-4. integrator definitions

P4. explicit {\&}amp; implicit integrators

P5. timestep definition, test devices

P7. data on speed up vs CPU},
author = {Tang, Min and Tong, Ruofeng and Narain, Rahul and Meng, Chang and Manocha, Dinesh},
file = {:C$\backslash$:/Users/Chris/AppData/Local/Mendeley Ltd./Mendeley Desktop/Downloaded/Tang et al. - 2013 - A GPU-based streaming algorithm for high-resolution cloth simulation(2).pdf:pdf},
journal = {Computer Graphics Forum},
title = {{A GPU-based streaming algorithm for high-resolution cloth simulation}},
year = {2013}
}
@inproceedings{Provot2001,
annote = {key paper, first to propose spring model

P1. best model choice for animation purposes

P1-2. elasticity problems

P3. need for stiffness {\&}amp; effects, -ve of breen et al., read reference 9, spring types

P4. deformation rate, why cloth isn't super-elastic, max deformation, lack of realism due to high damping, stiffness {\&}amp; time step problems,

P5. constraint solving algorithm

P6. deformation rates {\&}amp; targets, results},
author = {Provot, Xavier},
booktitle = {Graphics Interface'95},
file = {:C$\backslash$:/Users/Chris/AppData/Local/Mendeley Ltd./Mendeley Desktop/Downloaded/Provot - 1995 - Deformation Constraints in a Mass-Spring Model to Describe Rigid Cloth Behaviour(2).pdf:pdf},
pages = {141--155},
title = {{Deformation Constraints in a Mass-Spring Model to Describe Rigid Cloth Behaviour}},
year = {1995}
}
@misc{Yalcn,
annote = {brief overview of some techniques

P1. warp {\&}amp; weft definitions, cloth properties {\&}amp; diagram

P2. cost vs realism debate, physical models definition

P2-5. overview of physical techniques

P3. -ve of continuum

P4. +ve of Provot, explicit Euler

P5. try to read reference 15

P9. try to find reference 19},
author = {Yal{\c{c}}Ä±n, M Adil and YÄ±ldÄ±z, CansÄ±n},
file = {:C$\backslash$:/Users/Chris/AppData/Local/Mendeley Ltd./Mendeley Desktop/Downloaded/Yal{\c{c}}Ä±n, YÄ±ldÄ±z - Unknown - Techniques for Animating Cloth(2).pdf:pdf},
title = {{Techniques for Animating Cloth}},
url = {http://www.cs.bilkent.edu.tr/{~}cansin/projects/cs567-animation/cloth/cloth-paper.pdf},
urldate = {2016-05-25}
}
@article{Miguel2012,
annote = {Not useful, focus on really accurate modelling using exact cloth parameters

P2. num parameters for different model types, +ve of continuum},
author = {Miguel, E and Bradley, D and Thomaszewski, B and Bickel, B and Matusik, W and Otaduy, M. A and Marschner, S},
file = {:C$\backslash$:/Users/Chris/AppData/Local/Mendeley Ltd./Mendeley Desktop/Downloaded/Miguel et al. - 2012 - Data-Driven Estimation of Cloth Simulation Models(2).pdf:pdf},
journal = {Computer Graphics Forum},
number = {2},
pages = {519--528},
title = {{Data-Driven Estimation of Cloth Simulation Models}},
volume = {31},
year = {2012}
}
@inproceedings{Volino1997a,
annote = {not very useful, different use case; focus on more realistic modelling for clothing design etc.

P1. different use case

P2. -ve of different models

P4. need for integrators. +ve of explicit},
author = {Volino, Pascal and Magnenat-Thalmann, Nadia},
booktitle = {International Conference on Virtual Systems and MultiMedia},
file = {:C$\backslash$:/Users/Chris/AppData/Local/Mendeley Ltd./Mendeley Desktop/Downloaded/Volino, Magnenat-Thalmann - 1997 - Developing Simulation Techniques for an Interactive Clothing System(2).pdf:pdf},
pages = {109--118},
publisher = {IEEE},
title = {{Developing Simulation Techniques for an Interactive Clothing System}},
year = {1997}
}
@inproceedings{Volino1997,
address = {Geneva},
annote = {interesting comparison and info about different model types

P2. continuum models

P3. +/- of continuum, particle models, - of mass-spring

P4.overview of particle models

P5. force approach overview, ODE model

P6. integrators, stability {\&}amp; timestep control, mesh size vs computation time},
author = {Volino, Pascal and Magnenat-Thalmann, Nadia},
booktitle = {JWS97-B},
file = {:C$\backslash$:/Users/Chris/AppData/Local/Mendeley Ltd./Mendeley Desktop/Downloaded/Volino, Magnenat-Thalmann - 1997 - Interactive Cloth Simulation Problems and Solutions(2).pdf:pdf},
title = {{Interactive Cloth Simulation: Problems and Solutions}},
year = {1997}
}
@misc{Lander2000,
annote = {focus on games

P2.
Para 3. problems with only structural springs

Para 5. added shear springs

Para 6-8. need for bend spring, +ve of bend springs

Para 9. different cloth properties

Para 10. stiffness problems

P3.
Para 1-2. -ve of springs},
author = {Lander, Jeff},
keywords = {3D Studio Max textures,3D animation,3D modeling,3D technology,CMP Game Media Group,Computer Game Developers Conference,Dreamcast development,Gamasutra Exchange,Game Developer magazine,Game Developers Conference,Independent Game Developers Conference,Nintendo development,PC game,PS2,Playstation 2,Playstation development,Xbox game,arcade development,artificial intelligence,digital assets,digital entertainment,free 3D models,free shaders,free textures,game animation,game audio,game business,game design,game developer,game development,game development software,game directory,game industry research,game jobs,game news,game producer,game programmer,game programming,game technology,new game,online game development,videogame,virtual reality},
title = {{Devil in the Blue Faceted Dress: Real Time Cloth Animation}},
url = {http://www.gamasutra.com/view/feature/131851/devil{\_}in{\_}the{\_}blue{\_}faceted{\_}dress{\_}.php},
urldate = {2016-03-03},
year = {2000}
}
@article{Ozgen2010a,
annote = {Not very useful

P2. drag force {\&}amp; need, need for damping},
author = {Ozgen, Oktar and Kallmann, Marcelo and Ramirez, Lynnette Es and Coimbra, Carlos Fm},
file = {:C$\backslash$:/Users/Chris/AppData/Local/Mendeley Ltd./Mendeley Desktop/Downloaded/Ozgen et al. - 2010 - Underwater Cloth Simulation with Fractional Derivatives(2).pdf:pdf},
journal = {ACM Trans. Graph},
keywords = {Algorithms,Categories and Subject Descriptors,Cloth simulation,Design,Experimentation Additional Key Words and Phrases,I35 [Computer Graphics],I37 [Computer Graphics],Three-Dimensional Graphics and Realismâ€”Animation,fractional derivatives,physically-based animation,underwater simulation},
number = {23},
title = {{Underwater Cloth Simulation with Fractional Derivatives}},
volume = {29},
year = {2010}
}
@misc{Oconnor2003,
annote = {Little basic, but some use as has simple derivations of integrators {\&}amp; cloth equations

P1. need for realistic cloth

P2. cost of mass-spring model

P2-3. spring types

P3-4. mass-spring equations

P4. Euler {\&}amp; 4th order runge-katta integrators},
author = {{O 'connor}, Corey and Stevens, Keith},
file = {:C$\backslash$:/Users/Chris/AppData/Local/Mendeley Ltd./Mendeley Desktop/Downloaded/O 'connor, Stevens - 2003 - Modeling Cloth Using Mass Spring Systems(2).pdf:pdf},
title = {{Modeling Cloth Using Mass Spring Systems}},
urldate = {2016-03-10},
year = {2003}
}
@inproceedings{Vassilev2001,
annote = {uses mass-spring model, proposes new approach for dealing with super elasticity

P1-2. baraff {\&}amp; witkin cost

P2. +/- of Provot, internal force definition, integrator {\&}amp; timestep limitations

P3. - of mass-spring

P3. new super elasticity approach

P7. results},
author = {Vassilev, T and Spanlang, B and Chrysanthou, Y},
booktitle = {Eurographics},
file = {:C$\backslash$:/Users/Chris/AppData/Local/Mendeley Ltd./Mendeley Desktop/Downloaded/Vassilev, Spanlang, Chrysanthou - 2001 - Fast Cloth Animation on Walking Avatars(2).pdf:pdf},
title = {{Fast Cloth Animation on Walking Avatars}},
year = {2001}
}
@misc{Ertekin2014,
annote = {Good simple summary, with easy to understand equations

P1. why use mass-spring, read reference 4

P2. need for implicit integrators, spring equations, read reference 6

P2-3. spring arrangements

P3. explicit {\&}amp; implicit Euler},
author = {Ertekin, Burak},
file = {:C$\backslash$:/Users/Chris/AppData/Local/Mendeley Ltd./Mendeley Desktop/Downloaded/Ertekin - 2014 - Cloth Simulation(2).pdf:pdf},
title = {{Cloth Simulation}},
url = {https://nccastaff.bournemouth.ac.uk/jmacey/CGITech/reports2015/BErtekin{\_}burakertekin-cgitech.pdf},
urldate = {2016-03-10},
year = {2014}
}
@inproceedings{Xinrong2009,
annote = {Short but interesting summary

P1-2. geometric models

P2. -ve of geometric, continuous models

P2-3. discrete models

P3. +ve of mass-spring, continuous vs discrete},
author = {Xinrong, Hu and Yan, Bai and Shuqin, Cui and Xiaoqin, Du and Zhongmin, Deng},
booktitle = {2009 Second ISECS International Colloquium on Computing, Communication, Control, and Management, CCCM 2009},
file = {:C$\backslash$:/Users/Chris/AppData/Local/Mendeley Ltd./Mendeley Desktop/Downloaded/Xinrong et al. - 2009 - Review of cloth modeling(2).pdf:pdf},
keywords = {Cloth model,Continuous model,Discrete model,Geometrical model},
title = {{Review of cloth modeling}},
year = {2009}
}
@inproceedings{Vassilev2010,
annote = {May not be relevant, but shows that performance still a consideration

P1. use for cloth simulation, + of Provot

P2. Euler time step issues

P3-4. GPU algorithm overview

P4. GPU kernels},
author = {Vassilev, Tzvetomir Ivanov},
booktitle = {CompSysTech},
file = {:C$\backslash$:/Users/Chris/AppData/Local/Mendeley Ltd./Mendeley Desktop/Downloaded/Vassilev - 2010 - Comparison of Several Parallel API for Cloth Modelling On Modern GPUs(2).pdf:pdf},
keywords = {GPU programming,cloth modelling,parallel computing},
pages = {131--136},
title = {{Comparison of Several Parallel API for Cloth Modelling On Modern GPUs}},
year = {2010}
}
@misc{Jakobsen2005,
annote = {alternate technique using a different spring model {\&}amp; no differential equations. Developed for game, possibly less accurate than Provot due to iterative nature

Para 2. game use

Para 3. game compromises; speed {\&}amp; stability vs accuracy

Para 4. time/accuracy trade off; iterative {\&}amp; less accurate than Provot (?)

Para 8. verlet integration {\&}amp; definition, +/-

Para 10. code example

Para 18. -ve of springs

Para 23. correcting constraints

Para 24. code example

Para 27. code example

Para 28. iterative constraint solving

para 29. -ve of iterative

Para 31. +ve for cloth simulation

Para 34. speed up techniques},
author = {Jakobsen, Thomas},
keywords = {3d,Flash,actionscript,collision,flash game development,flash tutorial,game programming,physics,tutorials},
title = {{Advanced Character Physics}},
url = {http://www.gotoandplay.it/{\_}articles/2005/08/advCharPhysics.php},
urldate = {2016-03-03},
year = {2005}
}
@article{Mongus2012,
annote = {Focus is on realistic cloth models, not directly relevant for games, where appearance is more important

P1. +/- geometric techniques, -ve of continuum, read references 13, 15 {\&}amp; 20

P2. problems with realistic modelling, mass-spring model {\&}amp; params, Euler {\&}amp; Verlet integrators

P3. dampened Verlet, Hooke equations, final mass-spring equations},
author = {Mongus, D. and Repnik, B. and Mernik, M. and ??alik, B.},
file = {:C$\backslash$:/Users/Chris/AppData/Local/Mendeley Ltd./Mendeley Desktop/Downloaded/Mongus et al. - 2012 - A hybrid evolutionary algorithm for tuning a cloth-simulation model(2).pdf:pdf},
journal = {Applied Soft Computing Journal},
keywords = {Evolutionary algorithm,Mass-spring particle system,Textile simulation},
title = {{A hybrid evolutionary algorithm for tuning a cloth-simulation model}},
year = {2012}
}
@book{Parent2012,
address = {Waltham},
annote = {Chapter 7.5},
author = {Parent, Rick},
edition = {Third},
publisher = {Elsevier},
title = {{Computer Animation Algorithms and Techniques}},
url = {https://www.dawsonera.com/readonline/9780124159730/startPage/20},
year = {2012}
}
@inproceedings{Vassilev2011,
annote = {Brief overview of 2 GPU algorithms for mass-spring models

P1. read reference 8

P1-2. +ve of Provot

P2. Euler time step limitation

P3. mass-spring GPU algorithms

P4. results},
author = {Vassilev, Tzvetomir Ivanov},
booktitle = {CompSysTech},
file = {:C$\backslash$:/Users/Chris/AppData/Local/Mendeley Ltd./Mendeley Desktop/Downloaded/Vassilev - 2011 - Comparison of Parallel Algorithms for Modelling Mass-springs Systems with Several APIs on Modern GPUs(2).pdf:pdf},
keywords = {GPU programming,cloth modelling,parallel computing},
pages = {204--209},
title = {{Comparison of Parallel Algorithms for Modelling Mass-springs Systems with Several APIs on Modern GPUs}},
year = {2011}
}
@article{Zhang2001,
annote = {Multi level meshes not necessarily useful, but another technique to discuss in lit review

P1. read reference 1, model cost considerations

P2. +/- geometric {\&}amp; physical techniques, different mass-spring model, how to choose point masses, spring equation

P3. explicit Euler, + of multi level meshes

P3-4. derivation of minimum time step size},
author = {Zhang, Dongliang and Yuen, Matthew M F},
file = {:C$\backslash$:/Users/Chris/AppData/Local/Mendeley Ltd./Mendeley Desktop/Downloaded/Zhang, Yuen - 2001 - Cloth simulation using multilevel meshes(2).pdf:pdf},
journal = {Computers and Graphics (Pergamon)},
keywords = {Cloth simulation,Collision detection,Multilevel meshes,Physically based modeling},
title = {{Cloth simulation using multilevel meshes}},
year = {2001}
}
