Automatically generated by Mendeley Desktop 1.15.3
Any changes to this file will be lost if it is regenerated by Mendeley.

BibTeX export options can be customized via Options -> BibTeX in Mendeley Desktop

@inproceedings{Mesit2008,
annote = {P1. why use mass-spring models

P2. mass-spring model diagram (Provotian), Hooke's laws

P3. Explicit Euler derivation, gravity derivation},
author = {Mesit, Jaruwan and Guha, Ratan K.},
booktitle = {2008 Second Asia International Conference on Modelling {\&} Simulation (AMS)},
file = {:C$\backslash$:/Users/Chris/AppData/Local/Mendeley Ltd./Mendeley Desktop/Downloaded/Mesit, Guha - 2008 - Soft Body Simulation with Leaking Effect(2).pdf:pdf},
keywords = {Animation,Asia,Biological system modeling,Computational modeling,Computer science,Computer simulation,Deformable models,Medical simulation,Springs,Surgery,broken springs,computer animation,explicit Euler integration,leaking effect,physically-based animation,physically-based simulation,soft body,soft body objects,soft body simulation},
month = {may},
pages = {390--395},
publisher = {IEEE},
shorttitle = {Modeling {\&} Simulation, 2008. AICMS 08. Second Asia},
title = {{Soft Body Simulation with Leaking Effect}},
year = {2008}
}
@article{Mesit2007,
annote = {Useful info. on how to use mass-spring models for 3D simulations

P1. 2 references to follow, +/- of mass-spring models

P2. reference to follow (?), Hooke equations

P3. Newton's 2nd law derivation, why integrators are needed, Euler integrator definitions, +/- implicit vs explicit, explicit step size

P4. Force definitions

P5-6. Implicit Euler derivation},
author = {Mesit, Jaruwan and Guha, Ratan and Chaudhry, Shafaq},
file = {:C$\backslash$:/Users/Chris/AppData/Local/Mendeley Ltd./Mendeley Desktop/Downloaded/Mesit, Guha, Chaudhry - 2007 - 3D soft body simulation using mass-spring system with internal pressure force and simplified implicit (2).pdf:pdf},
journal = {Journal of Computers},
keywords = {Implicit integration method,Internal pressure force,Mass-spring system,Soft body simulation},
title = {{3D soft body simulation using mass-spring system with internal pressure force and simplified implicit integration}},
year = {2007}
}
@inproceedings{Akiya2011,
annote = {Not very useful

P4. Hooke's equations},
author = {Akiya, Naoko and {Scott Bury} and Wassick, John M.},
booktitle = {Winter Simulation Conference},
file = {:C$\backslash$:/Users/Chris/AppData/Local/Mendeley Ltd./Mendeley Desktop/Downloaded/Akiya, Scott Bury, Wassick - 2011 - A General Model for Soft Body Simulation in Motion(2).pdf:pdf},
number = {2010},
pages = {2194--2205},
title = {{A General Model for Soft Body Simulation in Motion}},
year = {2011}
}
