Automatically generated by Mendeley Desktop 1.15.3
Any changes to this file will be lost if it is regenerated by Mendeley.

BibTeX export options can be customized via Options -> BibTeX in Mendeley Desktop

@incollection{Harada2008,
annote = {Not very useful
Maybe an example of how simulation still too expensive for real time?},
author = {Harada, Takahiro},
booktitle = {GPU Gems 3},
chapter = {29},
keywords = {GPU GPGPU NVIDIA OpenGL Open{\_}GL DirectX DX8 DX9 DX},
publisher = {Pearson Education Inc.},
title = {{Real-Time Rigid Body Simulation on GPUs}},
url = {http://http.developer.nvidia.com/GPUGems3/gpugems3{\_}ch29.html},
year = {2008}
}
